@book{AK:Book,
  author = {R. Allen and K. Kennedy},
  title = {Optimizing Compilers for Modern Architectures:
        A Dependence-based Approach},
  publisher = {Morgan Kaufmann Publishers},
  year = 2001}

@inproceedings{Johnsson:1984,
 author = {Johnsson, Thomas},
 title = {Efficient Compilation of Lazy Evaluation},
 booktitle = {Proceedings of the 1984 SIGPLAN Symposium on Compiler Construction},
 series = {SIGPLAN '84},
 year = {1984},
 isbn = {0-89791-139-3},
 location = {Montreal, Canada},
 pages = {58--69},
 numpages = {12},
 url = {http://doi.acm.org.prox.lib.ncsu.edu/10.1145/502874.502880},
 doi = {10.1145/502874.502880},
 acmid = {502880},
 publisher = {ACM},
 address = {New York, NY, USA},
} 

@inproceedings{Henderson:1976,
 author = {Henderson, Peter and Morris,Jr., James H.},
 title = {A Lazy Evaluator},
 booktitle = {Proceedings of the 3rd ACM SIGACT-SIGPLAN Symposium on Principles on Programming Languages},
 series = {POPL '76},
 year = {1976},
 location = {Atlanta, Georgia},
 pages = {95--103},
 numpages = {9},
 url = {http://doi.acm.org.prox.lib.ncsu.edu/10.1145/800168.811543},
 doi = {10.1145/800168.811543},
 acmid = {811543},
 publisher = {ACM},
 address = {New York, NY, USA},
} 

@inproceedings{Launchbury:1993,
 author = {Launchbury, John},
 title = {A Natural Semantics for Lazy Evaluation},
 booktitle = {Proceedings of the 20th ACM SIGPLAN-SIGACT Symposium on Principles of Programming Languages},
 series = {POPL '93},
 year = {1993},
 isbn = {0-89791-560-7},
 location = {Charleston, South Carolina, USA},
 pages = {144--154},
 numpages = {11},
 url = {http://doi.acm.org.prox.lib.ncsu.edu/10.1145/158511.158618},
 doi = {10.1145/158511.158618},
 acmid = {158618},
 publisher = {ACM},
 address = {New York, NY, USA},
}

@article{bloss1988code,
  title={Code optimizations for lazy evaluation},
  author={Bloss, Adrienne and Hudak, Paul and Young, Jonathan},
  journal={Lisp and Symbolic Computation},
  volume={1},
  number={2},
  pages={147--164},
  year={1988},
  publisher={Springer}
}

@inproceedings{Hudak:2007,
 author = {Hudak, Paul and Hughes, John and Peyton Jones, Simon and Wadler, Philip},
 title = {A History of Haskell: Being Lazy with Class},
 booktitle = {Proceedings of the Third ACM SIGPLAN Conference on History of Programming Languages},
 series = {HOPL III},
 year = {2007},
 isbn = {978-1-59593-766-7},
 location = {San Diego, California},
 pages = {12-1--12-55},
 url = {http://doi.acm.org.prox.lib.ncsu.edu/10.1145/1238844.1238856},
 doi = {10.1145/1238844.1238856},
 acmid = {1238856},
 publisher = {ACM},
 address = {New York, NY, USA},
}

@article{odersky2014unifying,
  title={Unifying functional and object-oriented programming with Scala},
  author={Odersky, Martin and Rompf, Tiark},
  journal={Communications of the ACM},
  volume={57},
  number={4},
  pages={76--86},
  year={2014},
  publisher={ACM}
}

@ARTICLE{telescoping, 
author={K. {Kennedy} and B. {Broom} and A. {Chauhan} and R. J. {Fowler} and J. {Garvin} and C. {Koelbel} and C. {McCosh} and J. {Mellor-Crummey}}, 
journal={Proceedings of the IEEE}, 
title={Telescoping Languages: A System for Automatic Generation of Domain Languages}, 
year={2005}, 
volume={93}, 
number={2}, 
pages={387-408}, 
keywords={high level languages;optimising compilers;software libraries;automatic programming;specification languages;telescoping languages;automatic domain language generation;high level scripting languages;highly optimized machine code;compiler technology;MATLAB signal processing toolbox;optimizing compilers;library aware optimizer;high level script optimization;compiler frameworks;lower level languages;Fortran;C language;Libraries;Productivity;MATLAB;Aggregates;Application software;Cost function;Optimized production technology;Signal processing;Domain specific languages;Optimizing compilers;Compiler optimization;component integration system;domain-specific language implementation;high-performance computing;library generation;MATLAB compiler;type analysis}, 
doi={10.1109/JPROC.2004.840447}, 
ISSN={0018-9219}, 
month={Feb},}

@ARTICLE{Broadway, 
author={S. Z. {Guyer} and C. {Lin}}, 
journal={Proceedings of the IEEE}, 
title={Broadway: A Compiler for Exploiting the Domain-Specific Semantics of Software Libraries}, 
year={2005}, 
volume={93}, 
number={2}, 
pages={342-357}, 
keywords={program compilers;software libraries;linear algebra;mathematics computing;programming language semantics;specification languages;Broadway compiler machinery;domain specific semantics;domain specific compiler optimization;programming languages;library level optimization;software libraries;parallel linear algebra codes;PLAPACK library;abstraction;Software libraries;Optimizing compilers;Program processors;Computer languages;Machinery;Programming profession;Domain specific languages;Linear algebra;MATLAB;Spirals;Compiler;domain-specific;library-level optimization}, 
doi={10.1109/JPROC.2004.840489}, 
ISSN={0018-9219}, 
month={Feb},}

@inproceedings{Lam:2015,
 author = {Lam, Siu Kwan and Pitrou, Antoine and Seibert, Stanley},
 title = {Numba: A LLVM-based Python JIT Compiler},
 booktitle = {Proceedings of the Second Workshop on the LLVM Compiler Infrastructure in HPC},
 series = {LLVM '15},
 year = {2015},
 isbn = {978-1-4503-4005-2},
 location = {Austin, Texas},
 pages = {7:1--7:6},
 articleno = {7},
 numpages = {6},
 url = {http://doi.acm.org.prox.lib.ncsu.edu/10.1145/2833157.2833162},
 doi = {10.1145/2833157.2833162},
 acmid = {2833162},
 publisher = {ACM},
 address = {New York, NY, USA},
 keywords = {LLVM, Python, compiler},
} 

@inproceedings{palkar2017weld,
  title={Weld: A common runtime for high performance data analytics},
  author={Palkar, Shoumik and Thomas, James J and Shanbhag, Anil and Narayanan, Deepak and Pirk, Holger and Schwarzkopf, Malte and Amarasinghe, Saman and Zaharia, Matei and InfoLab, Stanford},
  booktitle={Conference on Innovative Data Systems Research (CIDR)},
  year={2017}
}

@inproceedings{Zaharia:2010,
 author = {Zaharia, Matei and Chowdhury, Mosharaf and Franklin, Michael J. and Shenker, Scott and Stoica, Ion},
 title = {Spark: Cluster Computing with Working Sets},
 booktitle = {Proceedings of the 2Nd USENIX Conference on Hot Topics in Cloud Computing},
 series = {HotCloud'10},
 year = {2010},
 location = {Boston, MA},
 pages = {10--10},
 numpages = {1},
 url = {http://dl.acm.org.prox.lib.ncsu.edu/citation.cfm?id=1863103.1863113},
 acmid = {1863113},
 publisher = {USENIX Association},
 address = {Berkeley, CA, USA},
} 

@inproceedings{abadi2016tensorflow,
  title={Tensorflow: A system for large-scale machine learning},
  author={Abadi, Mart{\'\i}n and Barham, Paul and Chen, Jianmin and Chen, Zhifeng and Davis, Andy and Dean, Jeffrey and Devin, Matthieu and Ghemawat, Sanjay and Irving, Geoffrey and Isard, Michael and others},
  booktitle={12th USENIX Symposium on Operating Systems Design and Implementation (OSDI 16)},
  pages={265--283},
  year={2016}
}

@inproceedings{Clarke:1981,
 author = {Clarke, Edmund M. and Emerson, E. Allen},
 title = {Design and Synthesis of Synchronization Skeletons Using Branching-Time Temporal Logic},
 booktitle = {Logic of Programs, Workshop},
 year = {1982},
 isbn = {3-540-11212-X},
 pages = {52--71},
 numpages = {20},
 url = {http://dl.acm.org.prox.lib.ncsu.edu/citation.cfm?id=648063.747438},
 acmid = {747438},
 publisher = {Springer-Verlag},
 address = {Berlin, Heidelberg},
} 

@article{Neumann:2011,
 author = {Neumann, Thomas},
 title = {Efficiently Compiling Efficient Query Plans for Modern Hardware},
 journal = {Proc. VLDB Endow.},
 issue_date = {June 2011},
 volume = {4},
 number = {9},
 month = jun,
 year = {2011},
 issn = {2150-8097},
 pages = {539--550},
 numpages = {12},
 url = {http://dx.doi.org.prox.lib.ncsu.edu/10.14778/2002938.2002940},
 doi = {10.14778/2002938.2002940},
 acmid = {2002940},
 publisher = {VLDB Endowment},
} 

@article{Walt:2011,
 author = {Walt, Stefan van der and Colbert, S. Chris and Varoquaux, Gael},
 title = {The NumPy Array: A Structure for Efficient Numerical Computation},
 journal = {Computing in Science and Engg.},
 issue_date = {March 2011},
 volume = {13},
 number = {2},
 month = mar,
 year = {2011},
 issn = {1521-9615},
 pages = {22--30},
 numpages = {9},
 url = {https://doi-org.prox.lib.ncsu.edu/10.1109/MCSE.2011.37},
 doi = {10.1109/MCSE.2011.37},
 acmid = {1957466},
 publisher = {IEEE Educational Activities Department},
 address = {Piscataway, NJ, USA},
 keywords = {NumPy, Python, Python, NumPy, scientific programming, numerical computations, programming libraries, numerical computations, programming libraries, scientific programming},
} 

@article{paszke2017pytorch,
  title={Pytorch: Tensors and dynamic neural networks in python with strong gpu acceleration},
  author={Paszke, Adam and Gross, Sam and Chintala, Soumith and Chanan, Gregory},
  journal={PyTorch: Tensors and dynamic neural networks in Python with strong GPU acceleration},
  volume={6},
  year={2017}
}

@article{mckinney2011pandas,
  title={pandas: a foundational Python library for data analysis and statistics},
  author={McKinney, Wes},
  journal={Python for High Performance and Scientific Computing},
  volume={14},
  year={2011}
}

@inproceedings{Gal:2009,
 author = {Gal, Andreas and Eich, Brendan and Shaver, Mike and Anderson, David and Mandelin, David and Haghighat, Mohammad R. and Kaplan, Blake and Hoare, Graydon and Zbarsky, Boris and Orendorff, Jason and Ruderman, Jesse and Smith, Edwin W. and Reitmaier, Rick and Bebenita, Michael and Chang, Mason and Franz, Michael},
 title = {Trace-based Just-in-time Type Specialization for Dynamic Languages},
 booktitle = {Proceedings of the 30th ACM SIGPLAN Conference on Programming Language Design and Implementation},
 series = {PLDI '09},
 year = {2009},
 isbn = {978-1-60558-392-1},
 location = {Dublin, Ireland},
 pages = {465--478},
 numpages = {14},
 url = {http://doi.acm.org.prox.lib.ncsu.edu/10.1145/1542476.1542528},
 doi = {10.1145/1542476.1542528},
 acmid = {1542528},
 publisher = {ACM},
 address = {New York, NY, USA},
 keywords = {dynamically typed languages, trace-based compilation},
}



@misc{WeldNumpy,
    title = "{WeldNumpy}",
    howpublished = "\url{https://www.weld.rs/weldnumpy/}"
}

@misc{PandasUDF,
    title = "{Introducing Pandas UDF for PySpark}",
    howpublished = "\url{https://databricks.com/blog/2017/10/30/introducing-vectorized-udfs-for-pyspark.html}"
}

@misc{Pandascookbook,
    title = "{Pandas Cookbook Example}",
    howpublished = "\url{https://nbviewer.jupyter.org/github/jvns/pandas-cookbook/tree/v0.1/cookbook/}"
}

@misc{jupyter,
    title = "{Project Jupyter}",
    howpublished = "\url{https://jupyter.org/}"
}

@misc{memoryprofiler,
    title = "{Python memory-profiler Library}",
    howpublished = "\url{https://pypi.org/project/memory-profiler/}"
}

@misc{numba-examples,
    title = "{Numba Examples}",
    howpublished = "\url{https://github.com/numba/numba-examples}"
}

@misc{numpybench,
    title = "{Numpy Benchmarks}",
    howpublished = "\url{https://github.com/serge-sans-paille/numpy-benchmarks}"
}

@article{Sujeeth:2014,
 author = {Sujeeth, Arvind K. and Brown, Kevin J. and Lee, Hyoukjoong and Rompf, Tiark and Chafi, Hassan and Odersky, Martin and Olukotun, Kunle},
 title = {Delite: A Compiler Architecture for Performance-Oriented Embedded Domain-Specific Languages},
 journal = {ACM Trans. Embed. Comput. Syst.},
 issue_date = {July 2014},
 volume = {13},
 number = {4s},
 month = apr,
 year = {2014},
 issn = {1539-9087},
 pages = {134:1--134:25},
 articleno = {134},
 numpages = {25},
 url = {http://doi.acm.org/10.1145/2584665},
 doi = {10.1145/2584665},
 acmid = {2584665},
 publisher = {ACM},
 address = {New York, NY, USA},
 keywords = {Domain-specific languages, code generation, language virtualization, multistage programming},
} 

@MISC{Czarnecki00generativeprogramming,
    author = {Krzysztof Czarnecki and Ulrich W. Eisenecker},
    title = {Generative Programming},
    year = {2000}
}

@book{Czarnecki:2000,
 author = {Czarnecki, Krzysztof and Eisenecker, Ulrich W.},
 title = {Generative Programming: Methods, Tools, and Applications},
 year = {2000},
 isbn = {0-201-30977-7},
 publisher = {ACM Press/Addison-Wesley Publishing Co.},
 address = {New York, NY, USA},
} 

@inproceedings{AutoGraph,
title	= {AutoGraph: Imperative-style Coding with Graph-based Performance},
author	= {Dan Moldovan and James Decker and Fei Wang and Andrew Johnson and Brian Lee and Zack Nado and D Sculley and Tiark Rompf and Alexander B Wiltschko},
year	= {2019},
booktitle	= {SysML}
}
